Account Name       :                	Mrs. SHILPA SARANG BALANKHE
Address            :	A 15 IKE NO MIDORI
                                    	NDA PASHAN RD NR MARATHA MANDIR
                                    	BAVDHAN PUNE 411021-411021
                                    	Pune
Date               :                	7 Dec 2021
Account Number     :	_00000030876766666
Account Description:	REGULAR SB CHQ-INDIVIDUALS
Branch             :	BAVDHAN
Drawing Power      :	0.00
Interest Rate(% p.a.):	2.7
MOD Balance      :	0.00
CIF No.          :	_80921914762
IFS (Indian Financial System) Code         :	SBIN0013280
MICR (Magnetic Ink Character Recognition)  Code        :	_411002079
Nomination Registered    :	Yes 
Balance on 1 Apr 2019        :	1,13,329.69
Start Date          :	1 Apr 2019
End Date            :	31 Mar 2020
Txn Date	Value Date	Description	Ref No./Cheque No.	        Debit	Credit	Balance	
6 Apr 2019	6 Apr 2019	BY CLEARING / CHEQUE-IDB                            BY CLEARING--23286	23286	 	14,800.00	1,28,129.69
12 Apr 2019	12 Apr 2019	   TO TRANSFER-INB fund transfer--	IHK1277292               TRANSFER TO 11138261182  	10,000.00	 	1,18,129.69
23 Apr 2019	23 Apr 2019	   BY TRANSFER-NEFT*HDFC0000240*N113190807131761*IDFC COMMON REDE--	TRANSFER FROM 3199415044304	 	1,68,198.76	2,86,328.45
29 Apr 2019	29 Apr 2019	   TO TRANSFER-INB NEFT UTR NO: SBIN319119413458--Insta ict solutions pvt ltd	NEFT INB: IRJ1889320                               / Insta ict solutions pvt ltd	1,50,003.54	 	1,36,324.91
1 May 2019	1 May 2019	   BY TRANSFER-NEFT*HDFC0000240*N120190813182384*HDFC BALANCED AD--	TRANSFER FROM 3199420044306	 	1,843.32	1,38,168.23
9 May 2019	9 May 2019	   BY TRANSFER-INB Transfer to the account--	ITV5409089               TRANSFER FROM 11138262573	 	50,000.00	1,88,168.23
9 May 2019	9 May 2019	   TO TRANSFER-INB NEFT UTR NO: SBIN219129753054--Insta ict solutions pvt ltd	NEFT INB: IRJ2948163                               / Insta ict solutions pvt ltd	1,50,003.54	 	38,164.69
11 May 2019	11 May 2019	   DEPOSIT TRANSFER-INT TRF FRM 37864881538 TO 30876766666--	TRANSFER FROM 37864881538                         	 	788.00	38,952.69
15 May 2019	15 May 2019	   TO TRANSFER-INB NEFT UTR NO: SBIN719135031577--sarang balankhe	NEFT INB: IRJ3359528                               / sarang balankhe	15,002.36	 	23,950.33
16 May 2019	16 May 2019	   TO TRANSFER-INB Idea                      IDEA_RECHARGE Paymen--	QSBI7547088652IGAGDOTMW5               TRANSFER TO	398.00	 	23,552.33
23 May 2019	23 May 2019	   TO TRANSFER-INB Vodafone                  VODAFONE Payments--	QSBI7570760499IGAGEWBCM0               TRANSFER TO	49.00	 	23,503.33
23 May 2019	23 May 2019	   TO TRANSFER-INB Vodafone                  VODAFONE Payments--	QSBI7571164923IGAGEWPVE2               TRANSFER TO	98.00	 	23,405.33
23 May 2019	23 May 2019	   TO TRANSFER-INB Vodafone                  VODAFONE Payments--	QSBI7571168805IGAGEWQFH6               TRANSFER TO	98.00	 	23,307.33
24 May 2019	24 May 2019	   TO TRANSFER-INB Vodafone                  VODAFONE Payments--	QSBI7573814506IGAGFAHEO3               TRANSFER TO	49.00	 	23,258.33
24 May 2019	24 May 2019	   TO TRANSFER-INB Vodafone                  VODAFONE Payments--	QSBI7574200006IGAGFAUZZ7               TRANSFER TO	98.00	 	23,160.33
24 May 2019	24 May 2019	   TO TRANSFER-INB NEFT UTR NO: SBIN419144935065--sarang balankhe	NEFT INB: IRJ3960224                               / sarang balankhe	15,002.36	 	8,157.97
24 May 2019	24 May 2019	   TO TRANSFER-INB Vodafone                  VODAFONE Payments--	QSBI7574469605IGAGFBFEH0               TRANSFER TO	50.00	 	8,107.97
24 May 2019	24 May 2019	   TO TRANSFER-INB Vodafone                  VODAFONE Payments--	QSBI7574672680IGAGFBMOJ7               TRANSFER TO	98.00	 	8,009.97
24 May 2019	24 May 2019	   TO TRANSFER-INB Vodafone                  VODAFONE Payments--	QSBI7574675572IGAGFBMQF5               TRANSFER TO	98.00	 	7,911.97
25 May 2019	25 May 2019	   TO TRANSFER-INB Vodafone                  VODAFONE Payments--	QSBI7577120827IGAGFEYJR8               TRANSFER TO	98.00	 	7,813.97
25 May 2019	25 May 2019	   TO TRANSFER-INB Vodafone                  VODAFONE Payments--	QSBI7577124499IGAGFEYTO1               TRANSFER TO	98.00	 	7,715.97
25 May 2019	25 May 2019	   TO TRANSFER-INB Vodafone                  VODAFONE Payments--	QSBI7577624240IGAGFFRBE8               TRANSFER TO	98.00	 	7,617.97
26 May 2019	26 May 2019	   TO TRANSFER-INB Vodafone                  VODAFONE Payments--	QSBI7579715658IGAGFIHIA9               TRANSFER TO	98.00	 	7,519.97
26 May 2019	26 May 2019	   TO TRANSFER-INB Vodafone                  VODAFONE Payments--	QSBI7579739610IGAGFIHJX0               TRANSFER TO	98.00	 	7,421.97
30 May 2019	30 May 2019	   TO TRANSFER-INB AC Repair--	IHK4427315               TRANSFER TO 33394660543  	4,000.00	 	3,421.97
30 May 2019	30 May 2019	   TO TRANSFER-INB Vodafone                  VODAFONE Payments--	QSBI7593027439IGAGGBDZA6               TRANSFER TO	98.00	 	3,323.97
30 May 2019	30 May 2019	   TO TRANSFER-INB Vodafone                  VODAFONE Payments--	QSBI7593030194IGAGGBDYH3               TRANSFER TO	98.00	 	3,225.97
30 May 2019	30 May 2019	   TO TRANSFER-INB Vodafone                  VODAFONE Payments--	QSBI7593038563IGAGGBEQQ5               TRANSFER TO	100.00	 	3,125.97
30 May 2019	30 May 2019	   TO TRANSFER-INB Vodafone                  VODAFONE Payments--	QSBI7593551055IGAGGBXPN2               TRANSFER TO	49.00	 	3,076.97
31 May 2019	31 May 2019	   BY TRANSFER-NEFT*HDFC0000240*N150190837933582*HDFC BALANCED AD--	TRANSFER FROM 3199412044307	 	1,843.32	4,920.29
4 Jun 2019	4 Jun 2019	   TO TRANSFER-INB Vodafone                  VODAFONE Payments--	QSBI7611036572IGAGHAETK2               TRANSFER TO	98.00	 	4,822.29
4 Jun 2019	4 Jun 2019	   TO TRANSFER-INB Vodafone                  VODAFONE Payments--	QSBI7611050574IGAGHAFAW9               TRANSFER TO	50.00	 	4,772.29
4 Jun 2019	4 Jun 2019	   TO TRANSFER-INB Vodafone                  VODAFONE Payments--	QSBI7611739355IGAGHBEGR5               TRANSFER TO	49.00	 	4,723.29
4 Jun 2019	4 Jun 2019	   TO TRANSFER-INB Vodafone                  VODAFONE Payments--	QSBI7611742226IGAGHBEOP6               TRANSFER TO	50.00	 	4,673.29
4 Jun 2019	4 Jun 2019	   TO TRANSFER-INB Vodafone                  VODAFONE Payments--	QSBI7611765469IGAGHBEZZ4               TRANSFER TO	49.00	 	4,624.29
5 Jun 2019	5 Jun 2019	   TO TRANSFER-INB Vodafone                  VODAFONE Payments--	QSBI7614419120IGAGHEWVW3               TRANSFER TO	98.00	 	4,526.29
5 Jun 2019	5 Jun 2019	   TO TRANSFER-INB Vodafone                  VODAFONE Payments--	QSBI7614428744IGAGHEXNK5               TRANSFER TO	100.00	 	4,426.29
5 Jun 2019	5 Jun 2019	   TO TRANSFER-INB Vodafone                  VODAFONE Payments--	QSBI7614434800IGAGHEYCE8               TRANSFER TO	98.00	 	4,328.29
5 Jun 2019	5 Jun 2019	   TO TRANSFER-INB Vodafone                  VODAFONE Payments--	QSBI7614967716IGAGHFSJI9               TRANSFER TO	50.00	 	4,278.29
5 Jun 2019	5 Jun 2019	   TO TRANSFER-INB Vodafone                  VODAFONE Payments--	QSBI7614987635IGAGHFSPR3               TRANSFER TO	49.00	 	4,229.29
7 Jun 2019	7 Jun 2019	   TO TRANSFER-INB Vodafone                  VODAFONE Payments--	QSBI7621970219IGAGHPOCX4               TRANSFER TO	98.00	 	4,131.29
7 Jun 2019	7 Jun 2019	   TO TRANSFER-INB Vodafone                  VODAFONE Payments--	QSBI7621974443IGAGHPOFH8               TRANSFER TO	98.00	 	4,033.29
7 Jun 2019	7 Jun 2019	   TO TRANSFER-INB Vodafone                  VODAFONE Payments--	QSBI7621997848IGAGHPOZJ9               TRANSFER TO	100.00	 	3,933.29
7 Jun 2019	7 Jun 2019	   TO TRANSFER-INB Vodafone                  VODAFONE Payments--	QSBI7622008557IGAGHPPKB2               TRANSFER TO	100.00	 	3,833.29
10 Jun 2019	10 Jun 2019	   TO TRANSFER-INB Vodafone                  VODAFONE Payments--	QSBI7632091196IGAGIDKYW0               TRANSFER TO	98.00	 	3,735.29
10 Jun 2019	10 Jun 2019	   TO TRANSFER-INB Vodafone                  VODAFONE Payments--	QSBI7632097924IGAGIDLQI2               TRANSFER TO	98.00	 	3,637.29
12 Jun 2019	12 Jun 2019	   TO TRANSFER-INB Vodafone                  VODAFONE Payments--	QSBI7639369097IGAGINUNF6               TRANSFER TO	98.00	 	3,539.29
12 Jun 2019	12 Jun 2019	   TO TRANSFER-INB Vodafone                  VODAFONE Payments--	QSBI7639376568IGAGINUUU3               TRANSFER TO	98.00	 	3,441.29
12 Jun 2019	12 Jun 2019	   TO TRANSFER-INB Vodafone                  VODAFONE Payments--	QSBI7639403808IGAGINVHR0               TRANSFER TO	100.00	 	3,341.29
12 Jun 2019	12 Jun 2019	   TO TRANSFER-INB Vodafone                  VODAFONE Payments--	QSBI7639500279IGAGINZNO0               TRANSFER TO	100.00	 	3,241.29
12 Jun 2019	12 Jun 2019	   TO TRANSFER-INB Vodafone                  VODAFONE Payments--	QSBI7640202602IGAGIPAHF8               TRANSFER TO	98.00	 	3,143.29
12 Jun 2019	12 Jun 2019	   TO TRANSFER-INB Vodafone                  VODAFONE Payments--	QSBI7640192459IGAGIPAQS3               TRANSFER TO	98.00	 	3,045.29
14 Jun 2019	14 Jun 2019	   TO TRANSFER-INB Vodafone                  VODAFONE Payments--	QSBI7646359609IGAGIXQYO7               TRANSFER TO	98.00	 	2,947.29
14 Jun 2019	14 Jun 2019	   TO TRANSFER-INB Vodafone                  VODAFONE Payments--	QSBI7646363386IGAGIXRMJ9               TRANSFER TO	100.00	 	2,847.29
14 Jun 2019	14 Jun 2019	   TO TRANSFER-INB Vodafone                  VODAFONE Payments--	QSBI7646368566IGAGIXRXO2               TRANSFER TO	98.00	 	2,749.29
14 Jun 2019	14 Jun 2019	   TO TRANSFER-INB Vodafone                  VODAFONE Payments--	QSBI7646386478IGAGIXRVY8               TRANSFER TO	100.00	 	2,649.29
23 Jun 2019	23 Jun 2019	   TO TRANSFER-INB Vodafone                  VODAFONE Payments--	QSBI7677794442IGAGKOZUU8               TRANSFER TO	98.00	 	2,551.29
23 Jun 2019	23 Jun 2019	   TO TRANSFER-INB Vodafone                  VODAFONE Payments--	QSBI7677808970IGAGKPACS4               TRANSFER TO	100.00	 	2,451.29
23 Jun 2019	23 Jun 2019	   TO TRANSFER-INB Vodafone                  VODAFONE Payments--	QSBI7677813808IGAGKPAQY1               TRANSFER TO	98.00	 	2,353.29
23 Jun 2019	23 Jun 2019	   TO TRANSFER-INB Vodafone                  VODAFONE Payments--	QSBI7677829627IGAGKPATA9               TRANSFER TO	100.00	 	2,253.29
25 Jun 2019	25 Jun 2019	   CREDIT INTEREST---		 	671.00	2,924.29
26 Jun 2019	26 Jun 2019	   DEPOSIT TRANSFER-INT TRF FRM 37864881538 TO 30876766666--	TRANSFER FROM 37864881538                         	 	788.00	3,712.29
26 Jun 2019	26 Jun 2019	   TO TRANSFER-INB Vodafone                  VODAFONE Payments--	QSBI7689108149IGAGLESOO2               TRANSFER TO	98.00	 	3,614.29
26 Jun 2019	26 Jun 2019	   TO TRANSFER-INB Vodafone                  VODAFONE Payments--	QSBI7689127489IGAGLETJM3               TRANSFER TO	98.00	 	3,516.29
29 Jun 2019	29 Jun 2019	   BY TRANSFER-NEFT*HDFC0000240*N180190862225448*HDFC BALANCED AD--	TRANSFER FROM 3199412044307	 	1,843.32	5,359.61
1 Jul 2019	1 Jul 2019	   TO TRANSFER-INB Vodafone                  VODAFONE Payments--	QSBI7708600984IGAGMHINR0               TRANSFER TO	98.00	 	5,261.61
1 Jul 2019	1 Jul 2019	   TO TRANSFER-INB Vodafone                  VODAFONE Payments--	QSBI7708641933IGAGMHJJF2               TRANSFER TO	98.00	 	5,163.61
1 Jul 2019	1 Jul 2019	   TO TRANSFER-INB Vodafone                  VODAFONE Payments--	QSBI7708644635IGAGMHJHX1               TRANSFER TO	100.00	 	5,063.61
2 Jul 2019	2 Jul 2019	   TO TRANSFER-INB Idea cellular limited--	20190702051679209268IGAGMNIYM7               TRANS	398.00	 	4,665.61
9 Jul 2019	9 Jul 2019	   TO TRANSFER-INB Vodafone                  VODAFONE Payments--	QSBI7739290793IGAGOAQEM1               TRANSFER TO	98.00	 	4,567.61
15 Jul 2019	15 Jul 2019	   BULK POSTING-ACHCr NACH00000000003163 BALKRISHNAINDU--		 	40.00	4,607.61
16 Jul 2019	16 Jul 2019	   TO TRANSFER-INB Idea cellular limited--	20190716052959265203IGAGPHKUU7               TRANS	348.00	 	4,259.61
16 Jul 2019	16 Jul 2019	   TO TRANSFER-INB Idea cellular limited--	20190716053197258169IGAGPHMJH9               TRANS	348.00	 	3,911.61
24 Jul 2019	24 Jul 2019	   TO TRANSFER-INB Idea cellular limited--	20190724054336355871IGAGQRKGS4               TRANS	100.00	 	3,811.61
31 Jul 2019	31 Jul 2019	   BY TRANSFER-NEFT*HDFC0000240*N211190887781097*HDFC BALANCED AD--	TRANSFER FROM 3199675044306	 	1,843.32	5,654.93
3 Aug 2019	3 Aug 2019	   TO TRANSFER-INB Idea cellular limited--	20190803069295566847IGAGSLIVQ8               TRANS	348.00	 	5,306.93
5 Aug 2019	5 Aug 2019	   TO TRANSFER-INB Hathway Cable and Datacom--	8867907675IGAGSVLRG5               TRANSFER TO 459	2,348.00	 	2,958.93
8 Aug 2019	8 Aug 2019	   TO TRANSFER-INB Idea cellular limited--	20190808055994914166IGAGTJGOT5               TRANS	398.00	 	2,560.93
11 Aug 2019	11 Aug 2019	   DEPOSIT TRANSFER-INT TRF FRM 37864881538 TO 30876766666--	TRANSFER FROM 37864881538                         	 	788.00	3,348.93
22 Aug 2019	22 Aug 2019	   BY TRANSFER-INB IMPS923420700726/0000000000/XX5001/HDFCMF6130--	MAA000339224454          MAA000339224454          	 	1.00	3,349.93
23 Aug 2019	23 Aug 2019	   BULK POSTING-ACHCr HDFC01315000011144 Hindustan Petr--		 	846.00	4,195.93
23 Aug 2019	23 Aug 2019	   BULK POSTING-ACHCr NACH00000000003163 BALKRISHNAINDU--		 	40.00	4,235.93
30 Aug 2019	30 Aug 2019	   BY TRANSFER-NEFT*HDFC0000240*N241190913147944*HDFC BALANCED AD--	TRANSFER FROM 3199416044303	 	1,843.32	6,079.25
5 Sep 2019	5 Sep 2019	   BULK POSTING-ACHCr HDFC00686000009494 KGR FIN DIV 20--		 	28.50	6,107.75
11 Sep 2019	11 Sep 2019	   BULK POSTING-ACHCr HDFC00788000009645 BHARAT PETROLE--		 	400.00	6,507.75
25 Sep 2019	25 Sep 2019	   CREDIT INTEREST---		 	42.00	6,549.75
26 Sep 2019	26 Sep 2019	   DEPOSIT TRANSFER-INT TRF FRM 37864881538 TO 30876766666--	TRANSFER FROM 37864881538                         	 	725.00	7,274.75
1 Oct 2019	1 Oct 2019	   BY TRANSFER-NEFT*HDFC0000240*N274190941823479*HDFC BALANCED AD--	TRANSFER FROM 3199681044308	 	1,843.32	9,118.07
21 Oct 2019	21 Oct 2019	   BY TRANSFER-INB IMPS929418987792/0000000000/XX5001/c1ZxNprigP--	MAA000373448455          MAA000373448455          	 	1.00	9,119.07
31 Oct 2019	31 Oct 2019	   BY TRANSFER-NEFT*HDFC0000240*N303190967395589*HDFC BALANCED AD--	TRANSFER FROM 3199675044306	 	1,843.32	10,962.39
11 Nov 2019	11 Nov 2019	   DEPOSIT TRANSFER-INT TRF FRM 37864881538 TO 30876766666--	TRANSFER FROM 37864881538                         	 	693.00	11,655.39
26 Nov 2019	26 Nov 2019	   BY TRANSFER-NEFT*FDRL0001339*FDRLH19330022567*RAJANI BELKHODE*--	TRANSFER FROM 3199678044303	 	5,000.00	16,655.39
26 Nov 2019	26 Nov 2019	   BULK POSTING-ACHCr YESB00161000003169 BALKRISHNAINDU--		 	40.00	16,695.39
29 Nov 2019	29 Nov 2019	   BY TRANSFER-NEFT*HDFC0000240*N332190993157150*HDFC BALANCED AD--	TRANSFER FROM 3199415044304	 	1,843.32	18,538.71
3 Dec 2019	3 Dec 2019	   BULK POSTING-ACHCr IBKL00890000019340 RAIN INDUSTRIE--		 	55.00	18,593.71
25 Dec 2019	25 Dec 2019	   CREDIT INTEREST---		 	105.00	18,698.71
27 Dec 2019	27 Dec 2019	   DEPOSIT TRANSFER-INT TRF FRM 37864881538 TO 30876766666--	TRANSFER FROM 37864881538                         	 	693.00	19,391.71
1 Jan 2020	1 Jan 2020	   BY TRANSFER-NEFT*HDFC0000240*N001201022556408*HDFC BALANCED AD--	TRANSFER FROM 3199420044306	 	1,843.32	21,235.03
4 Jan 2020	4 Jan 2020	   TO TRANSFER-INB FT--	IHL9137147               TRANSFER TO 11138262573  	5,000.00	 	16,235.03
4 Jan 2020	4 Jan 2020	   TO TRANSFER-INB FT--	ITY1284103               TRANSFER TO 11150499662  	5,000.00	 	11,235.03
1 Feb 2020	1 Feb 2020	   BY TRANSFER-NEFT*HDFC0000240*N032201050903052*HDFC BALANCED AD--	TRANSFER FROM 3199415044304	 	1,843.32	13,078.35
10 Feb 2020	10 Feb 2020	   BY TRANSFER-NEFT*UTIB0000004*AXNH200380006946*AXIS LONG TERM E--	TRANSFER FROM 3199414044305	 	1,614.87	14,693.22
11 Feb 2020	11 Feb 2020	   DEPOSIT TRANSFER-INT TRF FRM 37864881538 TO 30876766666--	TRANSFER FROM 37864881538                         	 	693.00	15,386.22
26 Feb 2020	26 Feb 2020	   DEBIT-PMSBY UPTO 31-05-20 CIF:80921914762--		12.00	 	15,374.22
27 Feb 2020	27 Feb 2020	   BULK POSTING-ACHCr NACH00000000003163 BALKRISHNAINDU--		 	320.00	15,694.22
27 Feb 2020	27 Feb 2020	   BULK POSTING-ACHCr HDFC00686000009494 KGR INT1 DIV 2--		 	28.50	15,722.72
28 Feb 2020	28 Feb 2020	   BY TRANSFER-NEFT*HDFC0000240*N059201077115412*HDFC BALANCED AD--	TRANSFER FROM 3199967044305	 	1,843.32	17,566.04
20 Mar 2020	20 Mar 2020	   BY TRANSFER-NEFT*HDFC0000240*N080201099243973*HDFC BALANCED AD--	TRANSFER FROM 3199963044309	 	1,843.32	19,409.36
25 Mar 2020	25 Mar 2020	   CREDIT INTEREST---		 	120.00	19,529.36
27 Mar 2020	27 Mar 2020	   BULK POSTING-ACHCr HDFC00788000009645 BHARAT PETROLE--		 	825.00	20,354.36
28 Mar 2020	28 Mar 2020	   DEPOSIT TRANSFER-INT TRF FRM 37864881538 TO 30876766666--	TRANSFER FROM 37864881538                         	 	630.00	20,984.36

**This is a computer generated statement and does not require a signature

