Account Name       :                	Mrs. SHILPA SARANG BALANKHE
Address            :	A 15 IKE NO MIDORI
                                    	NDA PASHAN RD NR MARATHA MANDIR
                                    	BAVDHAN PUNE 411021-411021
                                    	Pune
Date               :                	7 Dec 2021
Account Number     :	_00000030876766666
Account Description:	REGULAR SB CHQ-INDIVIDUALS
Branch             :	BAVDHAN
Drawing Power      :	0.00
Interest Rate(% p.a.):	2.7
MOD Balance      :	0.00
CIF No.          :	_80921914762
IFS (Indian Financial System) Code         :	SBIN0013280
MICR (Magnetic Ink Character Recognition)  Code        :	_411002079
Nomination Registered    :	Yes 
Balance on 1 Apr 2020        :	20,984.36
Start Date          :	1 Apr 2020
End Date            :	31 Mar 2021
Txn Date	Value Date	Description	Ref No./Cheque No.	        Debit	Credit	Balance	
4 May 2020	4 May 2020	   BY TRANSFER-NEFT*HDFC0000240*N125201127705589*HDFC BALANCED AD--	TRANSFER FROM 3199958044305	 	1,230.63	22,214.99
13 May 2020	13 May 2020	   DEPOSIT TRANSFER-INT TRF FRM 37864881538 TO 30876766666--	TRANSFER FROM 37864881538                         	 	567.00	22,781.99
16 May 2020	16 May 2020	   TO TRANSFER-PMSBY RENEWAL SBISB13280202013206241774--	TRANSFER TO 4899261105213	12.00	 	22,769.99
2 Jun 2020	2 Jun 2020	   BY TRANSFER-NEFT*HDFC0000240*N154201148438943*HDFC BALANCED AD--	TRANSFER FROM 3199415044304	 	1,367.63	24,137.62
11 Jun 2020	11 Jun 2020	   TO TRANSFER-TRFD TO RELIANCE RIGHTS ISSUE ALLOTMENT--	TRANSFER TO 38660007037                           	2,199.75	 	21,937.87
25 Jun 2020	25 Jun 2020	   CREDIT INTEREST---		 	154.00	22,091.87
28 Jun 2020	28 Jun 2020	   DEPOSIT TRANSFER-INT TRF FRM 37864881538 TO 30876766666--	TRANSFER FROM 37864881538                         	 	542.00	22,633.87
30 Jun 2020	30 Jun 2020	   BY TRANSFER-NEFT*HDFC0000240*N182201172496307*HDFC BALANCED AD--	TRANSFER FROM 3199963044309	 	1,367.63	24,001.50
31 Jul 2020	31 Jul 2020	   BY TRANSFER-NEFT*HDFC0000240*N213201201474887*HDFC BALANCED AD--	TRANSFER FROM 3199961044301	 	1,059.63	25,061.13
13 Aug 2020	13 Aug 2020	   DEPOSIT TRANSFER-INT TRF FRM 37864881538 TO 30876766666--	TRANSFER FROM 37864881538                         	 	492.00	25,553.13
28 Aug 2020	28 Aug 2020	   BY TRANSFER-NEFT*HDFC0000240*N241201226825239*HDFC BALANCED AD--	TRANSFER FROM 3199968044304	 	1,265.63	26,818.76
31 Aug 2020	31 Aug 2020	   BULK POSTING-ACHCr NACH00000000003163 BALKRISHNAINDU--		 	60.00	26,878.76
5 Sep 2020	5 Sep 2020	   BY TRANSFER-NEFT*ICIC0000104*CMS1603412073*WHITEHAT EDUCATION--	TRANSFER FROM 3199682044307	 	9,652.00	36,530.76
9 Sep 2020	9 Sep 2020	   TO TRANSFER-INB Donation--	IT00AFJWY0               TRANSFER TO 30538616720  	5,001.00	 	31,529.76
19 Sep 2020	19 Sep 2020	   BULK POSTING-ACHCr HDFC01315000011144 Hindustan Petr--		 	877.50	32,407.26
25 Sep 2020	25 Sep 2020	   CREDIT INTEREST---		 	180.00	32,587.26
28 Sep 2020	28 Sep 2020	   DEPOSIT TRANSFER-INT TRF FRM 37864881538 TO 30876766666--	TRANSFER FROM 37864881538                         	 	492.00	33,079.26
30 Sep 2020	30 Sep 2020	   BY TRANSFER-NEFT*HDFC0000240*N274201258218209*HDFC BALANCED AD--	TRANSFER FROM 3199971044309	 	1,264.63	34,343.89
5 Oct 2020	5 Oct 2020	   BY TRANSFER-NEFT*ICIC0000104*CMS1637177842*WHITEHAT EDUCATION--	TRANSFER FROM 3199961044301	 	32,723.00	67,066.89
9 Oct 2020	9 Oct 2020	   TO TRANSFER-INB Avenues India Private Lim--	109983725549IGAJPATTM4               TRANSFER TO 4	50.00	 	67,016.89
29 Oct 2020	29 Oct 2020	   BY TRANSFER-NEFT*HDFC0000240*N303201290094162*HDFC BALANCED AD--	TRANSFER FROM 3199424044303	 	1,265.63	68,282.52
5 Nov 2020	5 Nov 2020	   BY TRANSFER-NEFT*ICIC0000104*CMS1675530294*Teacher Salary Oct2--	TRANSFER FROM 3199677044304	 	38,528.00	1,06,810.52
11 Nov 2020	11 Nov 2020	   BY TRANSFER-NEFT*ICIC0000104*CMS1683489702*PH3 Oct Salary*5732--	TRANSFER FROM 3199676044305	 	1,000.00	1,07,810.52
13 Nov 2020	13 Nov 2020	   DEPOSIT TRANSFER-INT TRF FRM 37864881538 TO 30876766666--	TRANSFER FROM 37864881538                         	 	492.00	1,08,302.52
24 Nov 2020	24 Nov 2020	   BULK POSTING-ACHCr IBKL00890000019340 RAIN INDUSTRIE--		 	55.00	1,08,357.52
25 Nov 2020	25 Nov 2020	   BULK POSTING-ACHCr NACH00000000003163 BALKRISHNAINDU--		 	80.00	1,08,437.52
30 Nov 2020	30 Nov 2020	   BY TRANSFER-NEFT*HDFC0000240*N335201323232077*HDFC BALANCED AD--	TRANSFER FROM 3199680044308	 	1,264.63	1,09,702.15
4 Dec 2020	4 Dec 2020	   BY TRANSFER-NEFT*ICIC0000104*CMS1713558429*Teachers Salary Nov--	TRANSFER FROM 3199967044305	 	47,750.00	1,57,452.15
25 Dec 2020	25 Dec 2020	   CREDIT INTEREST---		 	663.00	1,58,115.15
29 Dec 2020	29 Dec 2020	   DEPOSIT TRANSFER-INT TRF FRM 37864881538 TO 30876766666--	TRANSFER FROM 37864881538                         	 	492.00	1,58,607.15
1 Jan 2021	1 Jan 2021	   BY TRANSFER-NEFT*HDFC0000240*N001211359213375*HDFC BALANCED AD--	TRANSFER FROM 3199422044305	 	1,264.63	1,59,871.78
5 Jan 2021	5 Jan 2021	   BY TRANSFER-NEFT*ICIC0000104*CMS1754059191*Teacher Dec20 Salar--	TRANSFER FROM 3199962044300	 	47,496.00	2,07,367.78
16 Jan 2021	16 Jan 2021	   BY TRANSFER-NEFT*HDFC0000240*N016211376015598*INTEGRATED ENTER--	TRANSFER FROM 3199968044304	 	81.75	2,07,449.53
28 Jan 2021	28 Jan 2021	   BY TRANSFER-NEFT*HDFC0000240*N028211386393304*HDFC BALANCED AD--	TRANSFER FROM 3199682044307	 	1,264.63	2,08,714.16
5 Feb 2021	5 Feb 2021	   BY TRANSFER-NEFT*ICIC0000104*CMS1800715601*TeacherSalary Jan21--	TRANSFER FROM 3199956044307	 	46,250.00	2,54,964.16
13 Feb 2021	13 Feb 2021	   DEPOSIT TRANSFER-INT TRF FRM 37864881538 TO 30876766666--	TRANSFER FROM 37864881538                         	 	492.00	2,55,456.16
24 Feb 2021	24 Feb 2021	   BULK POSTING-ACHCr NACH00000000003163 BALKRISHNAINDU--		 	100.00	2,55,556.16
24 Feb 2021	24 Feb 2021	   BY TRANSFER-INB IMPS105518174590/0000000000/XX3001/TestVPA--	MAC000665157139          MAC000665157139          	 	1.00	2,55,557.16
25 Feb 2021	25 Feb 2021	   TO TRANSFER-INB NSE (National Stock Excha BILL_NSEOI Payments--	VSBI9780232578IGAKPCIDD3               TRANSFER TO	2,20,000.00	 	35,557.16
2 Mar 2021	2 Mar 2021	   BY TRANSFER-NEFT*HDFC0000240*N061211423496113*HDFC BALANCED AD--	TRANSFER FROM 3199422044305	 	1,264.63	36,821.79
3 Mar 2021	3 Mar 2021	   BY TRANSFER-NEFT*ICIC0000104*CMS1841690435*TeacherSalaryFeb21*--	TRANSFER FROM 3199415044304	 	32,529.00	69,350.79
4 Mar 2021	4 Mar 2021	   BULK POSTING-ACHCr ICIC00505000002306 BHARAT PETROLE--		 	800.00	70,150.79
10 Mar 2021	10 Mar 2021	   BY TRANSFER-NEFT*UTIB0000004*AXNH210680055697*AXIS LONG TERM E--	TRANSFER FROM 3199682044307	 	1,807.58	71,958.37
17 Mar 2021	17 Mar 2021	   BY TRANSFER-UPI/CR/107622293317/RANI RAJ/SBIN/ranirnimje/saree--	TRANSFER FROM 5098969162098	 	550.00	72,508.37
25 Mar 2021	25 Mar 2021	   CREDIT INTEREST---		 	1,109.00	73,617.37
31 Mar 2021	31 Mar 2021	   DEPOSIT TRANSFER-INT TRF FRM 37864881538 TO 30876766666--	TRANSFER FROM 37864881538                         	 	492.00	74,109.37

**This is a computer generated statement and does not require a signature

