Account Name       :                	Mrs. SHILPA SARANG BALANKHE
Address            :	A 15 IKE NO MIDORI
                                    	NDA PASHAN RD NR MARATHA MANDIR
                                    	BAVDHAN PUNE 411021-411021
                                    	Pune
Date               :                	7 Dec 2021
Account Number     :	_00000030876766666
Account Description:	REGULAR SB CHQ-INDIVIDUALS
Branch             :	BAVDHAN
Drawing Power      :	0.00
Interest Rate(% p.a.):	2.7
MOD Balance      :	0.00
CIF No.          :	_80921914762
IFS (Indian Financial System) Code         :	SBIN0013280
MICR (Magnetic Ink Character Recognition)  Code        :	_411002079
Nomination Registered    :	Yes 
Balance on 1 Apr 2018        :	1,22,263.87
Start Date          :	1 Apr 2018
End Date            :	31 Mar 2019
Txn Date	Value Date	Description	Ref No./Cheque No.	        Debit	Credit	Balance	
3 Apr 2018	3 Apr 2018	   BY TRANSFER-NEFT*ICIC0000104*CMS794811959*SREI INFRASTRUCTURE--	TRANSFER FROM 3199675044306	 	2,929.00	1,25,192.87
5 Apr 2018	5 Apr 2018	   BY TRANSFER-NEFT*HDFC0000240*N095180512302500*SARANG BALANKHE*--	TRANSFER FROM 3199676044305	 	10,000.00	1,35,192.87
6 Apr 2018	6 Apr 2018	   BY TRANSFER-NEFT*IBKL0NEFT01*180406i161119460*INSTA ICT SOLUTI--	TRANSFER FROM 3199414044305	 	9,165.00	1,44,357.87
21 Apr 2018	21 Apr 2018	   BY TRANSFER-NEFT*HDFC0000240*N111180524220684*INTEGRATED ENTER--	TRANSFER FROM 3199677044304	 	29,857.54	1,74,215.41
25 Apr 2018	25 Apr 2018	   TO TRANSFER-INB NEFT UTR NO: SBIN618115347223--sarang balankhe	NEFT INB: IRG3742867                               / sarang balankhe	30,002.36	 	1,44,213.05
28 Apr 2018	28 Apr 2018	   TO TRANSFER-INB IMPS/P2A/811808703539/XXXXXXX186IBKL--	IMPS00052641435MOAAFFUSJ9               TRANSFER T	4,000.00	 	1,40,213.05
29 Apr 2018	29 Apr 2018	   TO TRANSFER-INB Commission of IMPS00052641435---	IMPS00052641435IXJ3418564               TRANSFER T	1.18	 	1,40,211.87
30 Apr 2018	30 Apr 2018	   BY TRANSFER-NEFT*HDFC0000240*N120180529474490*HDFC PRUDENCE FU--	TRANSFER FROM 3199412044307	 	1,647.46	1,41,859.33
1 May 2018	1 May 2018	   TO TRANSFER-INB IMPS/P2A/812118720237/XXXXXXX754MAHB--	IMPS00052884773MOAAFNBYL8               TRANSFER T	500.00	 	1,41,359.33
1 May 2018	1 May 2018	   TO TRANSFER-INB IMPS/P2A/812119739674/XXXXXXX754MAHB--	IMPS00052889350MOAAFNFUM6               TRANSFER T	9,500.00	 	1,31,859.33
2 May 2018	2 May 2018	   TO TRANSFER-INB IMPS/P2A/812215528880/XXXXXXX186IBKL--	IMPS00052959122MOAAFPGSR6               TRANSFER T	4,000.00	 	1,27,859.33
2 May 2018	2 May 2018	   TO TRANSFER-INB Commission of IMPS00052889350---	IMPS00052889350IXJ3621054               TRANSFER T	1.18	 	1,27,858.15
3 May 2018	3 May 2018	   TO TRANSFER-INB Commission of IMPS00052959122---	IMPS00052959122IXJ3637541               TRANSFER T	1.18	 	1,27,856.97
4 May 2018	4 May 2018	   BY TRANSFER-NEFT*IBKL0NEFT01*180504i164859321*INSTA ICT SOLUTI--	TRANSFER FROM 3199679044302	 	27,014.00	1,54,870.97
5 May 2018	5 May 2018	   BY TRANSFER-NEFT*HDFC0000240*N125180534273354*SARANG BALANKHE*--	TRANSFER FROM 3199680044308	 	10,000.00	1,64,870.97
5 May 2018	5 May 2018	   BY TRANSFER-NEFT*IBKL0NEFT01*180505i165077091*INSTA ICT SOLUTI--	TRANSFER FROM 3199412044307	 	9,165.00	1,74,035.97
12 May 2018	12 May 2018	   TO TRANSFER-INB IMPS/P2A/813211661929/XXXXXXX829HDFC--	IMPS00053743646MOAAGLXAL4               TRANSFER T	100.00	 	1,73,935.97
12 May 2018	12 May 2018	   TO TRANSFER-INB IMPS/P2A/813211674818/XXXXXXX829HDFC--	IMPS00053745007MOAAGLXVA8               TRANSFER T	1,900.00	 	1,72,035.97
13 May 2018	13 May 2018	   TO TRANSFER-INB Commission of IMPS00053745007---	IMPS00053745007IXJ4347591               TRANSFER T	1.18	 	1,72,034.79
14 May 2018	14 May 2018	   TO TRANSFER-INB IMPS/P2A/813419755917/XXXXXXX829UBIN--	IMPS00053894849MOAAGQCVI5               TRANSFER T	3,000.00	 	1,69,034.79
16 May 2018	16 May 2018	   TO TRANSFER-INB Commission of IMPS00053894849---	IMPS00053894849IXJ4520204               TRANSFER T	1.18	 	1,69,033.61
16 May 2018	16 May 2018	   TO TRANSFER-INB IMPS/P2A/813618820521/XXXXXXX346CBIN--	IMPS00054038052MOAAGUDKK0               TRANSFER T	500.00	 	1,68,533.61
16 May 2018	16 May 2018	   TO TRANSFER-INB IMPS/P2A/813618824632/XXXXXXX346CBIN--	IMPS00054039017MOAAGUEIC3               TRANSFER T	9,500.00	 	1,59,033.61
17 May 2018	17 May 2018	   TO TRANSFER-INB Commission of IMPS00054039017---	IMPS00054039017IXJ4606055               TRANSFER T	1.18	 	1,59,032.43
18 May 2018	18 May 2018	   BULK POSTING-18060829441 ITD TAX REFUND AY 17-18 PAN AKEPB7275Q--		 	1,300.00	1,60,332.43
18 May 2018	18 May 2018	   BULK POSTING-18061120652 ITD TAX REFUND AY 16-17 PAN AKEPB7275Q--		 	520.00	1,60,852.43
27 May 2018	27 May 2018	   TO TRANSFER-INB IMPS/P2A/814718523249/XXXXXXX177IBKL--	IMPS00054725859MOAAHNLVQ6               TRANSFER T	1,000.00	 	1,59,852.43
29 May 2018	29 May 2018	   BY TRANSFER-NEFT*HDFC0000240*N149180550592387*HDFC PRUDENCE FU--	TRANSFER FROM 3199680044308	 	1,647.46	1,61,499.89
5 Jun 2018	5 Jun 2018	   BY TRANSFER-NEFT*HDFC0000240*N156180556046832*SARANG BALANKHE*--	TRANSFER FROM 3199419044300	 	10,000.00	1,71,499.89
6 Jun 2018	6 Jun 2018	   BY TRANSFER-NEFT*IBKL0NEFT01*180606i169140287*INSTA ICT SOLUTI--	TRANSFER FROM 3199410044308	 	23,120.00	1,94,619.89
8 Jun 2018	8 Jun 2018	   BY TRANSFER-NEFT*HDFC0000001*N159180559328836*SARANG BALANKHE*--	TRANSFER FROM 3199417044302	 	2,00,000.00	3,94,619.89
8 Jun 2018	8 Jun 2018	   BY TRANSFER-NEFT*IBKL0NEFT01*180608i169488645*INSTA ICT SOLUTI--	TRANSFER FROM 3199423044304	 	9,165.00	4,03,784.89
11 Jun 2018	11 Jun 2018	TO CLEARING-IDB   INSTA ICT SOLUTIONS PVT L--553575	553575	2,00,000.00	 	2,03,784.89
16 Jun 2018	16 Jun 2018	   TO TRANSFER-INB IMPS/P2A/816713920656/XXXXXXX894IBKL--	IMPS00056335961MOAAJFAUM9               TRANSFER T	10,000.00	 	1,93,784.89
17 Jun 2018	17 Jun 2018	   TO TRANSFER-INB Commission of IMPS00056335961---	IMPS00056335961IXJ6437121               TRANSFER T	1.18	 	1,93,783.71
18 Jun 2018	18 Jun 2018	   TO TRANSFER-INB NEFT UTR NO: SBIN918169306509--sarang balankhe	NEFT INB: IRG7924968                               / sarang balankhe	50,002.36	 	1,43,781.35
18 Jun 2018	18 Jun 2018	   TO TRANSFER-INB NEFT UTR NO: SBIN918169307279--sarang balankhe	NEFT INB: IRG7925257                               / sarang balankhe	30,002.36	 	1,13,778.99
23 Jun 2018	23 Jun 2018	   TO TRANSFER-INB Advance--	IHH9405759               TRANSFER TO 35585620213  	10,000.00	 	1,03,778.99
25 Jun 2018	25 Jun 2018	   BY TRANSFER-NEFT*IBKL0NEFT01*180625i171578638*INSTA ICT SOLUTI--	TRANSFER FROM 3199416044303	 	22,894.00	1,26,672.99
25 Jun 2018	25 Jun 2018	   CREDIT INTEREST---		 	1,419.00	1,28,091.99
29 Jun 2018	29 Jun 2018	   BY TRANSFER-NEFT*HDFC0000240*N179180572599133*HDFC PRUDENCE FU--	TRANSFER FROM 3199682044307	 	1,843.32	1,29,935.31
4 Jul 2018	4 Jul 2018	   TO TRANSFER-INB Advance--	IHI0297456               TRANSFER TO 32503947769  	3,500.00	 	1,26,435.31
5 Jul 2018	5 Jul 2018	   BY TRANSFER-NEFT*HDFC0000240*N186180578394462*SARANG BALANKHE*--	TRANSFER FROM 3199415044304	 	10,000.00	1,36,435.31
9 Jul 2018	9 Jul 2018	   BY TRANSFER-NEFT*IBKL0NEFT01*180709i173614161*INSTA ICT SOLUTI--	TRANSFER FROM 3199421044306	 	9,153.00	1,45,588.31
10 Jul 2018	10 Jul 2018	   BY TRANSFER-NEFT*IBKL0NEFT01*180710i173663330*INSTA ICT SOLUTI--	TRANSFER FROM 3199414044305	 	100.00	1,45,688.31
17 Jul 2018	17 Jul 2018	CHEQUE DEPOSIT---43204	TRANSFER TO 11150499662 / 43204	 	2,50,000.00	3,95,688.31
20 Jul 2018	20 Jul 2018	   BY TRANSFER-NEFT*HDFC0000240*N201180590111092*INTEGRATED ENTER--	TRANSFER FROM 3199421044306	 	966.07	3,96,654.38
30 Jul 2018	30 Jul 2018	   BY TRANSFER-NEFT*HDFC0000240*N211180595877556*HDFC PRUDENCE FU--	TRANSFER FROM 3199411044308	 	1,843.32	3,98,497.70
6 Aug 2018	6 Aug 2018	   BY TRANSFER-NEFT*HDFC0000240*N218180602086423*SARANG BALANKHE*--	TRANSFER FROM 3199412044307	 	10,000.00	4,08,497.70
7 Aug 2018	7 Aug 2018	   CREDIT INTEREST---		 	1,076.00	4,09,573.70
7 Aug 2018	7 Aug 2018	   DEBIT INTEREST---		1,076.00	 	4,08,497.70
8 Aug 2018	8 Aug 2018	   TO TRANSFER-INB e-TDR/e-STDR---	00000037864596743IW39485173               TRANSFER	1,00,000.00	 	3,08,497.70
8 Aug 2018	8 Aug 2018	   TO TRANSFER-INB e-TDR/e-STDR--	00000037864881538IW39490181               TRANSFER	1,00,000.00	 	2,08,497.70
15 Aug 2018	15 Aug 2018	   TO TRANSFER-INB MAHARASHTRA GOVT--	MH005094228201819EIK00SIWRK0               TRANSFE	1,000.00	 	2,07,497.70
17 Aug 2018	17 Aug 2018	   TO TRANSFER-INB IMPS/P2A/822910670644/XXXXXXX744IBKL--	IMPS00061106005MOAAOAVPB4               TRANSFER T	5,000.00	 	2,02,497.70
18 Aug 2018	18 Aug 2018	   TO TRANSFER-INB Commission of IMPS00061106005---	IMPS00061106005IXK0445031               TRANSFER T	1.18	 	2,02,496.52
20 Aug 2018	20 Aug 2018	   BULK POSTING-ACHCr HDFC00686000009494 KGR FIN DIV 20--		 	14.25	2,02,510.77
25 Aug 2018	25 Aug 2018	   TO TRANSFER-INB IMPS/P2A/823708793092/XXXXXXX744IBKL--	IMPS00061669971MOAAOQHQP0               TRANSFER T	5,000.00	 	1,97,510.77
25 Aug 2018	25 Aug 2018	   TO TRANSFER-INB Advance--	IHI4077108               TRANSFER TO 30956354063  	2,000.00	 	1,95,510.77
25 Aug 2018	25 Aug 2018	   TO TRANSFER-INB IMPS/P2A/823711861490/XXXXXXX337UTIB--	IMPS00061690499MOAAOQUQO8               TRANSFER T	750.00	 	1,94,760.77
25 Aug 2018	25 Aug 2018	   BY TRANSFER-INB Reversal of MOAAOQUQO8--	IMPS00061690499MXAAOQUKM2               TRANSFER F	 	750.00	1,95,510.77
25 Aug 2018	25 Aug 2018	   TO TRANSFER-INB IMPS/P2A/823713899839/XXXXXXX159ICIC--	IMPS00061701479MOAAORBTU7               TRANSFER T	750.00	 	1,94,760.77
26 Aug 2018	26 Aug 2018	   TO TRANSFER-INB Commission of IMPS00061669971---	IMPS00061669971IXK0896870               TRANSFER T	1.18	 	1,94,759.59
27 Aug 2018	27 Aug 2018	   TO TRANSFER-INB IMPS/P2A/823917911781/XXXXXXX894IBKL--	IMPS00061840641MOAAOUTQD6               TRANSFER T	10,000.00	 	1,84,759.59
28 Aug 2018	28 Aug 2018	   TO TRANSFER-INB IMPS/P2A/824011567921/XXXXXXX894IBKL--	IMPS00061882413MOAAOVWXD7               TRANSFER T	5,000.00	 	1,79,759.59
28 Aug 2018	28 Aug 2018	   TO TRANSFER-INB Commission of IMPS00061840641---	IMPS00061840641IXK1043006               TRANSFER T	1.18	 	1,79,758.41
29 Aug 2018	29 Aug 2018	   TO TRANSFER-INB Commission of IMPS00061882413---	IMPS00061882413IXK1057340               TRANSFER T	1.18	 	1,79,757.23
29 Aug 2018	29 Aug 2018	   TO TRANSFER-INB NEFT UTR NO: SBIN618241945109--Insta ict solutions pvt ltd	NEFT INB: IRH3372336                               / Insta ict solutions pvt ltd	25,002.36	 	1,54,754.87
30 Aug 2018	30 Aug 2018	   BY TRANSFER-NEFT*HDFC0000240*N242180619955606*HDFC PRUDENCE FU--	TRANSFER FROM 3199683044306	 	1,843.32	1,56,598.19
2 Sep 2018	2 Sep 2018	   TO TRANSFER-INB IMPS/P2A/824510697904/XXXXXXX894IBKL--	IMPS00062331762MOAAPHQEN0               TRANSFER T	9,500.00	 	1,47,098.19
3 Sep 2018	3 Sep 2018	   BULK POSTING-ACHCr HDFC01315000011144 Hindustan Petr--		 	225.00	1,47,323.19
3 Sep 2018	3 Sep 2018	   TO TRANSFER-INB Commission of IMPS00062331762---	IMPS00062331762IXK1439209               TRANSFER T	1.18	 	1,47,322.01
3 Sep 2018	3 Sep 2018	   TO TRANSFER-INB shilpa--	ITS6373055               TRANSFER TO 11150499662  	62,340.00	 	84,982.01
5 Sep 2018	5 Sep 2018	   BY TRANSFER-NEFT*HDFC0000240*N248180624718145*SARANG BALANKHE*--	TRANSFER FROM 3199680044308	 	10,000.00	94,982.01
7 Sep 2018	7 Sep 2018	   TO TRANSFER-INB IMPS/P2A/825013529871/XXXXXXX159ICIC--	IMPS00062848492MOAAPUJVG8               TRANSFER T	750.00	 	94,232.01
8 Sep 2018	8 Sep 2018	   TO TRANSFER-INB IMPS/P2A/825113881505/XXXXXXX956UBIN--	IMPS00062950350MOAAPWUTH7               TRANSFER T	4,000.00	 	90,232.01
9 Sep 2018	9 Sep 2018	   TO TRANSFER-INB Commission of IMPS00062950350---	IMPS00062950350IXK1943739               TRANSFER T	1.18	 	90,230.83
10 Sep 2018	10 Sep 2018	   TO TRANSFER-INB IMPS/P2A/825308783677/XXXXXXX407HDFC--	IMPS00063060582MOAAPZNQV6               TRANSFER T	10,000.00	 	80,230.83
10 Sep 2018	10 Sep 2018	   BY TRANSFER-NEFT*IBKL0NEFT01*180910i181872087*INSTA ICT SOLUTI--	TRANSFER FROM 3199422044305	 	92,089.00	1,72,319.83
10 Sep 2018	10 Sep 2018	   BULK POSTING-ACHCr 4000003            DEWAN HOUSING--		 	1,815.00	1,74,134.83
11 Sep 2018	11 Sep 2018	   TO TRANSFER-INB Commission of IMPS00063060582---	IMPS00063060582IXK2055026               TRANSFER T	1.18	 	1,74,133.65
21 Sep 2018	21 Sep 2018	   BULK POSTING-ACHCr HDFC00788000009645 BHARAT PETROLE--		 	350.00	1,74,483.65
22 Sep 2018	22 Sep 2018	   TO TRANSFER-INB IMPS/P2A/826515778993/XXXXXXX894IBKL--	IMPS00064053555MOAAQXIPS2               TRANSFER T	3,500.00	 	1,70,983.65
23 Sep 2018	23 Sep 2018	   DEPOSIT TRANSFER-INT TRF FRM 37864881538 TO 30876766666--	TRANSFER FROM 37864881538                         	 	788.00	1,71,771.65
23 Sep 2018	23 Sep 2018	   DEPOSIT TRANSFER-INT TRF FRM 37864596743 TO 30876766666--	TRANSFER FROM 37864596743                         	 	788.00	1,72,559.65
23 Sep 2018	23 Sep 2018	   BY TRANSFER---	TRANSFER FROM 37864596743                         	 	1,00,000.00	2,72,559.65
23 Sep 2018	23 Sep 2018	   TO TRANSFER-INB Commission of IMPS00064053555---	IMPS00064053555IXK2889755               TRANSFER T	1.18	 	2,72,558.47
23 Sep 2018	23 Sep 2018	   TO TRANSFER-INB e-TDR/e-STDR--	00000037961263725IW40314959               TRANSFER	1,00,000.00	 	1,72,558.47
23 Sep 2018	23 Sep 2018	   TO TRANSFER-INB e-TDR/e-STDR--	00000037961271690IW40315256               TRANSFER	1,00,000.00	 	72,558.47
23 Sep 2018	23 Sep 2018	   TO TRANSFER-INB ppf--	IF16832218               TRANSFER TO 30876767536  	25,000.00	 	47,558.47
25 Sep 2018	25 Sep 2018	   CREDIT INTEREST---		 	1,888.00	49,446.47
28 Sep 2018	28 Sep 2018	   TO TRANSFER-INB IMPS/P2A/827109731304/XXXXXXX844UBIN--	IMPS00064468988MOAARHFAL4               TRANSFER T	2,000.00	 	47,446.47
29 Sep 2018	29 Sep 2018	   BY TRANSFER-NEFT*HDFC0000240*N271180642512609*HDFC BALANCED AD--	TRANSFER FROM 3199675044306	 	1,843.32	49,289.79
29 Sep 2018	29 Sep 2018	   TO TRANSFER-INB Commission of IMPS00064468988---	IMPS00064468988IXK3221675               TRANSFER T	1.18	 	49,288.61
29 Sep 2018	29 Sep 2018	   TO TRANSFER-INB IMPS/P2A/827216709188/XXXXXXX844UBIN--	IMPS00064609304MOAARKNDZ8               TRANSFER T	1,000.00	 	48,288.61
5 Oct 2018	5 Oct 2018	   BY TRANSFER-NEFT*HDFC0000240*N278180647882399*SARANG BALANKHE*--	TRANSFER FROM 3199412044307	 	10,000.00	58,288.61
9 Oct 2018	9 Oct 2018	   TO TRANSFER-INB NEFT UTR NO: SBIN218282771983--sarang balankhe	NEFT INB: IRH6773480                               / sarang balankhe	40,002.36	 	18,286.25
19 Oct 2018	19 Oct 2018	   TO TRANSFER-INB IRCTC-RAILWAY TICKET BOOK Railway Ticket Booki--	100001489063387IGAEPFXOV2               TRANSFER T	1,481.80	 	16,804.45
19 Oct 2018	19 Oct 2018	   TO TRANSFER-INB Employees' State Insuranc--	03318132936496IGAEPGBQY1               TRANSFER TO	2,926.00	 	13,878.45
24 Oct 2018	24 Oct 2018	   BY TRANSFER-INB Refund of IGAEPFXOV2---	1000014890633871000002750IXGAKKAPL2               	 	1,095.00	14,973.45
26 Oct 2018	26 Oct 2018	   BY TRANSFER-NEFT*FDRL0001339*FDRLH18299184972*RAJANI BELKHODE*--	TRANSFER FROM 3199677044304	 	1,000.00	15,973.45
30 Oct 2018	30 Oct 2018	   BY TRANSFER-NEFT*HDFC0000240*N303180665972274*HDFC BALANCED AD--	TRANSFER FROM 3199416044303	 	1,843.32	17,816.77
5 Nov 2018	5 Nov 2018	   BY TRANSFER-NEFT*HDFC0000240*N309180672311814*SARANG BALANKHE*--	TRANSFER FROM 3199683044306	 	10,000.00	27,816.77
8 Nov 2018	8 Nov 2018	   DEPOSIT TRANSFER-INT TRF FRM 37961263725 TO 30876766666--	TRANSFER FROM 37961263725                         	 	788.00	28,604.77
8 Nov 2018	8 Nov 2018	   DEPOSIT TRANSFER-INT TRF FRM 37961271690 TO 30876766666--	TRANSFER FROM 37961271690                         	 	788.00	29,392.77
8 Nov 2018	8 Nov 2018	   DEPOSIT TRANSFER-INT TRF FRM 37864881538 TO 30876766666--	TRANSFER FROM 37864881538                         	 	788.00	30,180.77
8 Nov 2018	8 Nov 2018	   BY TRANSFER---	TRANSFER FROM 37961263725                         	 	1,00,000.00	1,30,180.77
8 Nov 2018	8 Nov 2018	   BY TRANSFER---	TRANSFER FROM 37961271690                         	 	1,00,000.00	2,30,180.77
17 Nov 2018	17 Nov 2018	   BULK POSTING-ACHCr NACH00000000003163 BALKRISHNAINDU--		 	40.00	2,30,220.77
19 Nov 2018	19 Nov 2018	   BY TRANSFER-INB IMPS832311863227/8888002160/XX0190/GG_98_1542--	MAB000192158528          MAB000192158528          	 	1.02	2,30,221.79
20 Nov 2018	20 Nov 2018	   TO TRANSFER-INB Maharashtra State EB      Maharashtra State EB--	PSBI6913594692IGAEUKQOD0               TRANSFER TO	2,480.00	 	2,27,741.79
30 Nov 2018	30 Nov 2018	   BY TRANSFER-NEFT*HDFC0000240*N333180689733477*HDFC BALANCED AD--	TRANSFER FROM 3199418044301	 	1,843.32	2,29,585.11
5 Dec 2018	5 Dec 2018	   BY TRANSFER-NEFT*HDFC0000240*N339180694843748*SARANG BALANKHE*--	TRANSFER FROM 3199424044303	 	10,000.00	2,39,585.11
5 Dec 2018	5 Dec 2018	   BULK POSTING-ACHCr IBKL00890000019340 RAIN INDUSTRIE--		 	100.00	2,39,685.11
14 Dec 2018	14 Dec 2018	   BULK POSTING-18085782581 ITD TAX REFUND AY 18-19 PAN AKEPB7275Q--		 	610.00	2,40,295.11
24 Dec 2018	24 Dec 2018	   DEPOSIT TRANSFER-INT TRF FRM 37864881538 TO 30876766666--	TRANSFER FROM 37864881538                         	 	788.00	2,41,083.11
24 Dec 2018	24 Dec 2018	TO CLEARING-IDB   INSTA ICT SOLUTIONS PVT L--553576	553576	2,00,000.00	 	41,083.11
25 Dec 2018	25 Dec 2018	   CREDIT INTEREST---		 	1,154.00	42,237.11
28 Dec 2018	28 Dec 2018	   BY TRANSFER-NEFT*HDFC0000001*N362180712300210*SARANG BALANKHE*--	TRANSFER FROM 3199418044301	 	1,15,000.00	1,57,237.11
1 Jan 2019	1 Jan 2019	   BY TRANSFER-NEFT*HDFC0000240*N365180714867086*HDFC BALANCED AD--	TRANSFER FROM 3199423044304	 	1,843.32	1,59,080.43
5 Jan 2019	5 Jan 2019	   BY TRANSFER-NEFT*HDFC0000240*N005190719309301*SARANG BALANKHE*--	TRANSFER FROM 3199683044306	 	10,000.00	1,69,080.43
8 Jan 2019	8 Jan 2019	TO CLEARING-IDB   INSTA ICT SOLUTIONS PVT L--553577	553577	1,11,772.00	 	57,308.43
30 Jan 2019	30 Jan 2019	   BY TRANSFER-NEFT*HDFC0000240*N030190737117464*HDFC BALANCED AD--	TRANSFER FROM 3199421044306	 	1,843.32	59,151.75
5 Feb 2019	5 Feb 2019	   BY TRANSFER-NEFT*HDFC0000240*N036190742914955*SARANG BALANKHE*--	TRANSFER FROM 3199413044306	 	10,000.00	69,151.75
8 Feb 2019	8 Feb 2019	   DEPOSIT TRANSFER-INT TRF FRM 37864881538 TO 30876766666--	TRANSFER FROM 37864881538                         	 	788.00	69,939.75
12 Feb 2019	12 Feb 2019	   BY TRANSFER-NEFT*UTIB0000004*AXNH190390092096*AXIS LONG TERM E--	TRANSFER FROM 3199683044306	 	1,768.66	71,708.41
20 Feb 2019	20 Feb 2019	   BULK POSTING-ACHCr HDFC01315000011144 Hindustan Petr--		 	585.00	72,293.41
20 Feb 2019	20 Feb 2019	   TO TRANSFER-INB Goods and Services Tax (G--	19022700614591IK00YCRAK9               TRANSFER TO	11,800.00	 	60,493.41
21 Feb 2019	21 Feb 2019	   BULK POSTING-ACHCr NACH00000000003163 BALKRISHNAINDU--		 	40.00	60,533.41
22 Feb 2019	22 Feb 2019	   TO TRANSFER-INB Goods and Services Tax (G ---	19022700711632IK00YENYQ3               TRANSFER TO	3,000.00	 	57,533.41
28 Feb 2019	28 Feb 2019	   BY TRANSFER-NEFT*HDFC0000240*N059190762149228*HDFC BALANCED AD--	TRANSFER FROM 3199678044303	 	1,843.32	59,376.73
5 Mar 2019	5 Mar 2019	   BULK POSTING-ACHCr HDFC00788000009645 BHARAT PETROLE--		 	550.00	59,926.73
7 Mar 2019	7 Mar 2019	TO CLEARING-IDB   INSTA ICT SOLUTIONS PVT L--553578	553578	25,000.00	 	34,926.73
7 Mar 2019	7 Mar 2019	   BY TRANSFER-NEFT*UTIB0000004*AXISP00039795095*DEWAN HOUSING FI--	TRANSFER FROM 3199681044308	 	65,578.00	1,00,504.73
8 Mar 2019	8 Mar 2019	   TO TRANSFER-INB Gift to relatives / Friends--	IHJ8764841               TRANSFER TO 33015175798  	600.00	 	99,904.73
12 Mar 2019	12 Mar 2019	   BY TRANSFER-NEFT*ICIC0000104*CMS1067247586*SHRIRAM TRANSPORT F--	TRANSFER FROM 3199420044306	 	39,047.00	1,38,951.73
23 Mar 2019	23 Mar 2019	   TO TRANSFER-INB IMPS/P2A/908214786468/XXXXXXX407HDFC--	IMPS00080488469MOABGURLJ5               TRANSFER T	10,000.00	 	1,28,951.73
24 Mar 2019	24 Mar 2019	   TO TRANSFER-INB Commission of IMPS00080488469---	IMPS00080488469IXL6892812               TRANSFER T	1.18	 	1,28,950.55
24 Mar 2019	24 Mar 2019	   TO TRANSFER-INB IMPS/P2A/908317554047/XXXXXXX407HDFC--	IMPS00080562214MOABGWTIO9               TRANSFER T	10,000.00	 	1,18,950.55
25 Mar 2019	25 Mar 2019	   TO TRANSFER-INB Commission of IMPS00080562214---	IMPS00080562214IXL6946005               TRANSFER T	1.18	 	1,18,949.37
25 Mar 2019	25 Mar 2019	   CREDIT INTEREST---		 	749.00	1,19,698.37
26 Mar 2019	26 Mar 2019	   DEPOSIT TRANSFER-INT TRF FRM 37864881538 TO 30876766666--	TRANSFER FROM 37864881538                         	 	788.00	1,20,486.37
29 Mar 2019	29 Mar 2019	   BY TRANSFER-NEFT*HDFC0000240*N088190786563756*HDFC BALANCED AD--	TRANSFER FROM 3199424044303	 	1,843.32	1,22,329.69
30 Mar 2019	30 Mar 2019	   TO TRANSFER-INB Deposit / Investment---	IF18812154               TRANSFER TO 30876767536  	5,000.00	 	1,17,329.69
30 Mar 2019	30 Mar 2019	   TO TRANSFER-INB Service fee--	IHK0223210               TRANSFER TO 52019301069  	4,000.00	 	1,13,329.69

**This is a computer generated statement and does not require a signature

